%%%%% new

%%%%%%%% text books
%%%% book : gusfield
@book{gusfield1997algorithms,
  title={Algorithms on Strings, Trees, and Sequences: Computer Science and Computational Biology},
  author={Gusfield, D.},
  year={1997},
  publisher={Cambridge University Press}
}

%%%%%%%%%%%%% Crochemore, Hancart, and Lecroq
@book{crochemore2007algorithms:on:strings,
  title={Algorithms on strings},
  author={Crochemore, Maxime and Hancart, Christophe and Lecroq, Thierry},
  year={2007},
  publisher={Cambridge University Press}
}

@book{crochemore2002jewels,
  title={Jewels of Stringology},
  author={Crochemore, M. and Rytter, W.},
  isbn={9789810247829},
  lccn={2003266668},
  url={https://books.google.co.jp/books?id=ipuPQgAACAAJ},
  year={2002},
  publisher={World Scientific}
}

%%%%% Crochemore, Lecroq, and Rytter~\cite{crochemore2021book125problems}

@book{crochemore2021book125problems,
  title={125 problems in text algorithms: with solutions},
  author={Crochemore, Maxime and Lecroq, Thierry and Rytter, Wojciech},
  year={2021},
  publisher={Cambridge university press},
  note={\it ``Problem 47. Suffix Array to Suffix Tree''},
}

@book{crochemore2021book125problems:chap:satostree,
  title={125 problems in text algorithms: with solutions},
  author={Crochemore, Maxime and Lecroq, Thierry and Rytter, Wojciech},
  year={2021},
  publisher={Cambridge university press},
  note={Problem 47. ``Suffix Array to Suffix Tree''},
}


%%%%%%%% Narisawa, Inenaga, Bannai, and Takeda
@inproceedings{narisawa2007efficient,
  title={Efficient computation of substring equivalence classes with suffix arrays},
  author={Narisawa, Kazuyuki and Inenaga, Shunsuke and Bannai, Hideo and Takeda, Masayuki},
  booktitle={Combinatorial Pattern Matching: 18th Annual Symposium, CPM 2007, London, Canada, July 9-11, 2007. Proceedings 18},
  pages={340--351},
  year={2007},
  organization={Springer}
}


@inproceedings{okanohara2009text,
  title={Text categorization with all substring features},
  author={Okanohara, Daisuke and Tsujii, Jun'ichi},
  booktitle={Proceedings of the 2009 SIAM International Conference on Data Mining},
  pages={838--846},
  year={2009},
  organization={SIAM}
}

%%%%% 
@book{ohlebusch2013bookbioinfo,
  author       = {Enno Ohlebusch},
  title        = {Bioinformatics Algorithms: Sequence Analysis, Genome Rearrangements,
                  and Phylogenetic Reconstruction},
  publisher    = {Oldenbusch Verlag},
  year         = {2013},
  url          = {http://www.oldenbusch-verlag.de/},
  isbn         = {978-3000413162},
}


%%%%% text books 
@book{cormen2009introduction,
  title={Introduction to algorithms},
  author={Cormen, Thomas H and Leiserson, Charles E and Rivest, Ronald L and Stein, Clifford},
  year={2009},
  publisher={MIT press}
}

@book{gusfield1997book:stree,
author={Gusfield, Dan},
year={1997},
title={Algorithms on Strings, Trees, and Sequences: Computer Science and Computational Biology},
publisher={Cambridge University Press},
OPTDOI={10.1017/CBO9780511574931},
OPTplace={Cambridge},
}

%%%% navarro 
%%%% CDS book:
%%%% Navarro~\cite{navarro2016cds:book}
@book{navarro2016cds:book,
  title={Compact data structures: A practical approach},
  author={Navarro, Gonzalo},
  year={2016},
  publisher={Cambridge University Press}
}

%%%% survey
@article{navarro2021indexing:i,
  title={Indexing highly repetitive string collections, part I: repetitiveness measures},
  author={Navarro, Gonzalo},
  journal={ACM Computing Surveys (CSUR)},
  volume={54},
  number={2},
  pages={1--31},
  year={2021},
  publisher={ACM New York, NY, USA}
}

@article{navarro2021indexing:ii,
  title={Indexing highly repetitive string collections, part II: Compressed indexes},
  author={Navarro, Gonzalo},
  journal={ACM Computing Surveys (CSUR)},
  volume={54},
  number={2},
  pages={1--32},
  year={2021},
  publisher={ACM New York, NY, USA}
}

%%%%%%%
@article{navarro2021indexing:part1,
  author    = {Gonzalo Navarro},
  title     = {{Indexing Highly Repetitive String Collections, Part {I:} Repetitiveness Measures}},
  journal   = {{ACM Computing Surveys}},
  volume    = {54},
  number    = {2},
  pages     = {29:1--29:31},
  year      = {2022},
}

@article{navarro2022indexing:part2,
  author    = {Gonzalo Navarro},
  title     = {{Indexing Highly Repetitive String Collections, Part {II:} Compressed Indexes}},
  journal   = {{ACM Computing Surveys}},
  volume    = {54},
  number    = {2},
  pages     = {26:1--26:32},
  year      = {2022},
}

%%%% Lex and LZ-parse : Navarro, Ochoa, and Prezza: Navarro et al.
@article{navarro:ochoa:2020approx,
  title={On the approximation ratio of ordered parsings},
  author={Navarro, Gonzalo and Ochoa, Carlos and Prezza, Nicola},
  journal={IEEE Trans.~Inf.~Theory},
  OPTjournal={IEEE Transactions on Information Theory},
  volume={67},
  number={2},
  pages={1008--1026},
  year={2020},
  publisher={IEEE}
}

%%%%%
%%%%% Abouelhoda, Kurtz, and Ohlebusch~\cite{abouelhoda2004replacing}
@article{abouelhoda2004replacing,
  title={Replacing suffix trees with enhanced suffix arrays},
  author={Abouelhoda, Mohamed Ibrahim and Kurtz, Stefan and Ohlebusch, Enno},
  journal={Journal of Discrete Algorithms},
  volume={2},
  number={1},
  pages={53--86},
  year={2004},
  publisher={Elsevier}
}

%%%%%%% BBO 
%%%%%%% Beller, Berger, and @inproceedings{beller:berger:ohlebusch2012space:bbo,
  title={Space-efficient computation of maximal and supermaximal repeats in genome sequences},
  author={Beller, Timo and Berger, Katharina and Ohlebusch, Enno},
  booktitle={String Processing and Information Retrieval: 19th International Symposium, SPIRE 2012, Cartagena de Indias, Colombia, October 21-25, 2012. Proceedings 19},
  pages={99--110},
  year={2012},
  organization={Springer}
}

%%%%%%% PATarray
%%%%%%% Gonnet, Baeza{-}Yates, and Snider
@incollection{gonnet1992patarray,
  author       = {Gaston H. Gonnet and
                  Ricardo A. Baeza{-}Yates and
                  Tim Snider},
  editor       = {William B. Frakes and
                  Ricardo A. Baeza{-}Yates},
  title        = {New Indices for Text: Pat Trees and Pat Arrays},
  booktitle    = {Information Retrieval: Data Structures {\&} Algorithms},
  pages        = {66--82},
  publisher    = {Prentice-Hall},
  year         = {1992},
  timestamp    = {Tue, 06 Aug 2019 09:18:16 +0200},
  biburl       = {https://dblp.org/rec/books/ph/frakesB92/GonnetBS92.bib},
  bibsource    = {dblp computer science bibliography, https://dblp.org}
}

%%%% original %%%%%%%%%%%%%%%%%%%%%%%%%%%
%%%% getBouds
@article{schnattinger:Ohlebusch2012bidirectional,
  title={Bidirectional search in a string with wavelet trees and bidirectional matching statistics},
  author={Schnattinger, Thomas and Ohlebusch, Enno and Gog, Simon},
  journal={Information and Computation},
  volume={213},
  pages={13--22},
  year={2012},
  publisher={Elsevier}
}

%%%%%% Suffix Tree

%%% Text -> Suffix Tree on-line construction

@article{ukkonen1995line,
  title={{On-Line Construction of Suffix Trees}},
  author={Ukkonen, Esko},
  journal={Algorithmica},
  volume={14},
  number={3},
  pages={249--260},
  year={1995},
}

%%%%%% DAWG

%%%%% MR
%%%%% Raffinot~\cite{raffinot2001maximal}
@article{raffinot2001maximal,
  title={On maximal repeats in strings},
  author={Raffinot, Mathieu},
  journal={Information Processing Letters},
  volume={80},
  number={3},
  pages={165--169},
  year={2001},
  publisher={Elsevier}
}

%%%%%% CDAWG

%%% Suffix Tree -> CDAWG

%%%%  DAWG -> CDAWG
%%%% Blumer \textit{et al.}~\cite{blumer1987complete}
%%%% Blumer, Blumer, Haussler, McConnell, and Ehrenfeucht~\cite{blumer1987complete}
%%%%  blumer1987complete
@article{blumer1987complete,
  author    = {Anselm Blumer and
               J. Blumer and
               David Haussler and
               Ross M. McConnell and
               Andrzej Ehrenfeucht},
  title     = {{Complete Inverted Files for Efficient Text Retrieval and Analysis}},
  journal   = {Journal of the {ACM}},
  volume    = {34},
  number    = {3},
  pages     = {578--595},
  year      = {1987},
}

%%%% original paper2: CDAWG
@article{crochemore1986transducers,
  title={Transducers and repetitions},
  author={Crochemore, Maxime},
  journal={Theoretical Computer Science},
  volume={45},
  pages={63--86},
  year={1986},
  publisher={Elsevier}
}

%%% Text -> CDAWG off-line construction

@article{crochemore:verin1997compact,
  title={{On Compact Directed Acyclic Word Graphs}},
  author={Crochemore, Maxime and V{\'e}rin, Renaud},
  journal={{Structures in Logic and Computer Science}},
  pages={192--211},
  year={1997},
}

@inproceedings{crochemore:verin1997direct,
  title={Direct construction of compact directed acyclic word graphs},
  author={Crochemore, Maxime and V{\'e}rin, Renaud},
  booktitle={Annual Symposium on Combinatorial Pattern Matching},
  pages={116--129},
  year={1997},
  organization={Springer}
}

%%%%% McCreight~\cite{mccreight1976space}
@article{mccreight1976space,
  title={A space-economical suffix tree construction algorithm},
  author={McCreight, Edward M},
  journal={Journal of the ACM (JACM)},
  volume={23},
  number={2},
  pages={262--272},
  year={1976},
  publisher={ACM New York, NY, USA}
}


%%% Text -> CDAWG on-line construction

@article{inenaga2005online,
  title={{On-line construction of compact directed acyclic word graphs}},
  author={Inenaga, Shunsuke and Hoshino, Hiromasa and Shinohara, Ayumi and Takeda, Masayuki and Arikawa, Setsuo and Mauri, Giancarlo and Pavesi, Giulio},
  journal={{Discrete Applied Mathmatics}},
  volume={146},
  number={2},
  pages={156--179},
  year={2005},
}

@inproceedings{inenaga2001scdawgonline,
  title={On-line construction of symmetric compact directed acyclic word graphs},
  author={Inenaga, Shunsuke and Hoshino, Hiromasa and Shinohara, Ayumi and Takeda, Masayuki and Arikawa, Setsuo},
  booktitle={Proceedings Eighth Symposium on String Processing and Information Retrieval},
  pages={96--110},
  year={2001},
  organization={IEEE}
}

%%% Text -> DAWG on-line construction

@article{blumer1985smallest,
  author    = {Anselm Blumer and
               J. Blumer and
               David Haussler and
               Andrzej Ehrenfeucht and
               M. T. Chen and
               Joel I. Seiferas},
  title     = {{The Smallest Automaton Recognizing the Subwords of a Text}},
  journal   = {Theoretical Computer Science},
  volume    = {40},
  pages     = {31--55},
  year      = {1985},
}

%%%%% 
@article{crochemore:epifanio:grossi:mignos2016lineartries,
  title={Linear-size suffix tries},
  author={Crochemore, Maxime and Epifanio, Chiara and Grossi, Roberto and Mignosi, Filippo},
  journal={Theoretical Computer Science},
  volume={638},
  pages={171--178},
  year={2016},
  publisher={Elsevier}
}

%%%%%% Belazzougui \textit{et al.}~\cite{belazzougui:nunial:gagie:prezza:raffinot2015composite}
@InProceedings{belazzougui:nunial:gagie:prezza:raffinot2015composite,
  author    = {Djamal Belazzougui and
               Fabio Cunial and
               Travis Gagie and
               Nicola Prezza and
               Mathieu Raffinot},
  title     = {{Composite Repetition-Aware Data Structures}},
  booktitle = {Proceedings of the 26th Annual Symposium on Combinatorial Pattern Matching (CPM'15)},
  pages     = {26--39},
  year      = {2015},
  }

%%%%%%%%%%%%%%%%%%%%%%%%%%%%%%%%%%%
%%% CDAWG: Representing
%%% Belazzougui, Cunial CPM2017
%%% Table 1: Time complexity of the operations [this paper]
%%% O(1):  leftmostLeaf, rightmostLeaf
%%% O(lg n): selectLeaf, lca, SA[i], ISA[i], LCP[i] PLCP[i], T[i]
%%% O(lg n + output): SA[i..j], ISA[i..j], LCP[i..j], T[i..j], depth ancestor strAncestor
%%% CDAWG and the reverse CDAWG
%%% - Property 1 ([4]).
%%% - Property 2 ([4]). 
%%% - Property 3 (this). Rev CDAWGと，positionの文法
%%% - Property 4 (this). leaves-weight を用いたlex-rankの計算
%%% Belazzougui and Cunial (2017)

@inproceedings{belazzougui:cunial2017cpm:representing,
  author    = {Djamal Belazzougui and Fabio Cunial},
  title     = {Representing the Suffix Tree with the {CDAWG}},
  booktitle = {CPM 2017},
  series    = {LIPIcs},
  volume    = {78},
  pages     = {7:1--7:13},
  year      = {2017},
}


%%%%%% BWT

%%%% %書き足し
%%%%% Beller, Berger, Ohlebusch~\cite{beller:berger2012space:efficient:bbo}
%%%%% beller:berger2012space:efficient:bbo
@inproceedings{beller:berger2012space:efficient:bbo,
  title={Space-efficient computation of maximal and supermaximal repeats in genome sequences},
  author={Beller, Timo and Berger, Katharina and Ohlebusch, Enno},
  booktitle={String Processing and Information Retrieval: 19th International Symposium, SPIRE 2012. Proceedings},
  pages={99--110},
  year={2012},
  organization={Springer}
}

@article{bellergogohlebusch2013computing,
  title={Computing the longest common prefix array based on the Burrows--Wheeler transform},
  author={Beller, Timo and Gog, Simon and Ohlebusch, Enno and Schnattinger, Thomas},
  journal={Journal of Discrete Algorithms},
  volume={18},
  pages={22--31},
  year={2013},
  publisher={Elsevier}
}



@article{Mäkinen10LF,
    author ={Veli Mäkinen and
            Gonzalo Navarro and
            Jouni Sirén and
            Niko Välimäki
            } ,
    title = {Storage and retrieval of highly repetitive sequence collections},
    journal = {Lornal of Computational Biology},
    volume    = {17},
    number    = {3},
    pages     = {281-308},
    year = {2010}
}

%%%% Ferragina and Manzini~\cite{Ferragina05:FM}
@article{Ferragina05:FM,
  author    = {Paolo Ferragina and
               Giovanni Manzini},
  title     = {Indexing compressed text},
  journal   = {Journal of the ACM},
  volume    = {52},
  number    = {4},
  pages     = {552--581},
  year      = {2005},
}

@article{kulekci2011efficient,
  title={Efficient maximal repeat finding using the burrows-wheeler transform and wavelet tree},
  author={Kulekci, M Oguzhan and Vitter, Jeffrey Scott and Xu, Bojian},
  journal={IEEE/ACM Transactions on Computational Biology and Bioinformatics},
  volume={9},
  number={2},
  pages={421--429},
  year={2011},
  publisher={IEEE}
}

@inproceedings{muthukrishnan2002efficient,
  title={Efficient algorithms for document retrieval problems.},
  author={Muthukrishnan, Shanmugavelayutham},
  booktitle={SODA},
  volume={2},
  pages={657--666},
  year={2002},
  organization={Citeseer}
}
%ここまで

%%% linear time construction

%%%%%%%%%%%%%% 
%%%% Belazzougui, Cunial, K{\"{a}}rkk{\"{a}}inen, and M{\"{a}}kinen}~\cite{belazzougui2020linear}

@article{belazzougui2020linear,
  author    = {Djamal Belazzougui and
               Fabio Cunial and
               Juha K{\"{a}}rkk{\"{a}}inen and
               Veli M{\"{a}}kinen},
  title     = {{Linear-time String Indexing and Analysis in Small Space}},
  journal   = {{ACM} Transitions on {A}lgorithms},
  volume    = {16},
  number    = {2},
  pages     = {17:1--17:54},
  year      = {2020},
}


%%%%%% Belazzougui and Cunial~\cite{belazzougui2015space:unusual}
%%%%%%
@inproceedings{belazzougui2015space:unusual,
  title={Space-efficient detection of unusual words},
  author={Belazzougui, Djamal and Cunial, Fabio},
  booktitle={International Symposium on String Processing and Information Retrieval},
  pages={222--233},
  year={2015},
  organization={Springer}
}


%%%%% Commented by BC 2020 in Lemma 4.2: Heavy leaf decomposition
@article{hoare1962computj:quicksort,
  author       = {C. A. R. Hoare},
  title        = {Quicksort},
  journal      = {Comput. J.},
  volume       = {5},
  number       = {1},
  pages        = {10--15},
  year         = {1962},
}

@inproceedings{munro2017bwt:linear:time:space,
  title={{Space-Efficient Construction of Compressed Indexes in Deterministic Linear Time}},
  author={Munro, J. Ian and Navarro, Gonzalo and Nekrich, Yakov},
  booktitle={Proceedings of the 28th Annual ACM-SIAM Symposium on Discrete Algorithms (SODA'17)},
  pages={408--424},
  year={2017},
}

%%%%%%% 
@inproceedings{conf/soda/Kempa19,
  author    = {Dominik Kempa},
  title     = {{Optimal Construction of Compressed Indexes for Highly Repetitive Texts}},
  booktitle = {Proceedings of the 30th Annual {ACM-SIAM} Symposium on Discrete Algorithms ({SODA'19})},
  pages     = {1344--1357},
  year      = {2019},
}

%%% O(n/t) time construction

@inproceedings{kempa:kociumaka2019stringsynchro,
  title={{String Synchronizing Sets: Sublinear-Time BWT Construction and Optimal LCE Data Structure}},
  author={Kempa, Dominik and Kociumaka, Tomasz},
  booktitle={Proceedings of the 51st Annual ACM SIGACT Symposium on Theory of Computing (STOC'19)},
  pages={756--767},
  year={2019}
}

@inproceedings{kempa2022dynamic,
  title={Dynamic suffix array with polylogarithmic queries and updates},
  author={Kempa, Dominik and Kociumaka, Tomasz},
  booktitle={Proceedings of the 54th Annual ACM SIGACT Symposium on Theory of Computing},
  pages={1657--1670},
  year={2022}
}

%%%%%% RLBWT

%%% RLFM Definitin
@article{makinen:2005succinct,
  author    = {Veli M{\"{a}}kinen and
               Gonzalo Navarro},
  title     = {{Succinct Suffix Arrays based on Run-Length Encoding}},
  journal   = {Nordic Journal of Computing},
  volume    = {12},
  number    = {1},
  pages     = {40--66},
  year      = {2005},
}

%%%%%% Gagie, Navarro, and Prezza~\cite{gagie:navarro:prezza2020fully}
@article{gagie:navarro:prezza2020fully,
  title={Fully functional suffix trees and optimal text searching in BWT-runs bounded space},
  author={Gagie, Travis and Navarro, Gonzalo and Prezza, Nicola},
  journal={Journal of the ACM (JACM)},
  volume={67},
  number={1},
  pages={1--54},
  year={2020},
  publisher={ACM New York, NY, USA},
}

%%%%% Nishimoto and Tabei
@inproceedings{nishimoto2022optimaltime:rlbwt:construction,
  author =	{Nishimoto, Takaaki and Kanda, Shunsuke and Tabei, Yasuo},
  title =	{{An Optimal-Time RLBWT Construction in BWT-Runs Bounded Space}},
  booktitle = {Proceedings of the 49th International Colloquium on Automata, Languages, and Programming (ICALP'22)},
  pages =	{99:1--99:20},
  year =	{2022},
}

%%%%%% Compressed Computation / Transformation

%%%% KK23
%%%% delta-SA FOCS 2024, lce 
@inproceedings{kempa:kociumaka2023collapsing,
  title={Collapsing the hierarchy of compressed data structures: Suffix arrays in optimal compressed space},
  author={Kempa, Dominik and Kociumaka, Tomasz},
  booktitle={2023 IEEE 64th Annual Symposium on Foundations of Computer Science (FOCS)},
  pages={1877--1886},
  year={2023},
  organization={IEEE}
}

%%%% delta-SA
%%%% Algorithmica 2024, LATIN
@article{kociumaka:navarro:olivares2024near:delta:optimal,
  title={Near-optimal search time in $\delta$-optimal space, and vice versa},
  author={Kociumaka, Tomasz and Navarro, Gonzalo and Olivares, Francisco},
  journal={Algorithmica},
  volume={86},
  number={4},
  pages={1031--1056},
  year={2024},
  publisher={Springer}
}

%%%%%% repetitive measure

%%% e = Omega(max (z, r))
  
  
%%% z = O(rlog n)

@inproceedings{Gagie:LATIN18:ratioLZ,
  author    = {Travis Gagie and
               Gonzalo Navarro and
               Nicola Prezza},
  title     = {{On the Approximation Ratio of Lempel-Ziv Parsing}},
  booktitle = {Proceedings of the 13th Latin American Symposium on Theoretical Informatics (LATIN'18)},
  pages     = {490--503},
  year      = {2018},
}
  
%%% g = O(zlogn/z)  
@inproceedings{Charikar+:stoc02gz,
  author    = {Moses Charikar and
               Eric Lehman and
               Ding Liu and
               Rina Panigrahy and
               Manoj Prabhakaran and
               April Rasala and
               Amit Sahai and
               Abhi Shelat},
  title     = {{Approximating the smallest grammar: Kolmogorov complexity in natural models}},
  booktitle = {Proceedings on 34th Annual {ACM} Symposium on Theory of Computing (STOC'02)},
  pages     = {792--801},
  year      = {2002},
}

%%% statistical compression
  
@book{cover2006elements, 
  author = {Cover, Thomas M. and Thomas, Joy A.}, 
  title = {Elements of Information Theory 2nd Edition}, 
  year = {2006}, 
  publisher = {Wiley}, 
  }
  
  
  
@inproceedings{kempa2018roots,
  title={{At the Roots of Dictionary Compression: String Attractors}},
  author={Kempa, Dominik and Prezza, Nicola},
  booktitle={Proceedings of the 50th Annual ACM SIGACT Symposium on Theory of Computing (STOC'18)},
  pages={827--840},
  year={2018}
}

@article{lempel1976complexity,
  author    = {Jacob Ziv and
               Abraham Lempel},
  title     = {A Universal Algorithm for Sequential Data Compression},
  journal   = {{IEEE Transactions on Information Theory}},
  volume    = {23},
  number    = {3},
  pages     = {337--343},
  year      = {1977},
}

@article{Kieffer00:grammar,
  author    = {John C. Kieffer and
               En{-}Hui Yang},
  title     = {{Grammar-Based Codes: {A} New Class of Universal Lossless Source Codes}},
  journal   = {{IEEE Transactions on Information Theory}},
  volume    = {46},
  number    = {3},
  pages     = {737--754},
  year      = {2000},
}

@inproceedings{takagi2017linear,
  title={{Linear-size CDAWG: New repetition-aware indexing and grammar compression}},
  author={Takagi, Takuya and Goto, Keisuke and Fujishige, Yuta and Inenaga, Shunsuke and Arimura, Hiroki},
  booktitle={Proceedings of the 24th International Symposium on String Processing and Information Retrieval (SPIRE'17)},
  pages={304--316},
  year={2017},
}

%%%%%%%%%%%%
%%%%%%%%%%% Nishimoto and Tabei~\cite{nishimoto:cpm2021enum}
@inproceedings{nishimoto:cpm2021enum,
  author       = {Takaaki Nishimoto and
                  Yasuo Tabei},
  editor       = {Pawel Gawrychowski and
                  Tatiana Starikovskaya},
  title        = {R-enum: Enumeration of Characteristic Substrings in BWT-runs Bounded
                  Space},
  booktitle    = {32nd Annual Symposium on Combinatorial Pattern Matching, {CPM} 2021},
  series       = {LIPIcs},
  volume       = {191},
  pages        = {21:1--21:21},
  publisher    = {Schloss Dagstuhl},
  year         = {2021},
  doi          = {10.4230/LIPICS.CPM.2021.21},
}

@article{inenaga2005line,
  title={On-line construction of compact directed acyclic word graphs},
  author={Inenaga, Shunsuke and Hoshino, Hiromasa and Shinohara, Ayumi and Takeda, Masayuki and Arikawa, Setsuo and Mauri, Giancarlo and Pavesi, Giulio},
  journal={Discrete Applied Mathematics},
  volume={146},
  number={2},
  pages={156--179},
  year={2005},
  publisher={Elsevier}
}

@article{avis1996reverse,
  title={Reverse search for enumeration},
  author={Avis, David and Fukuda, Komei},
  journal={Discrete Applied Mathematics},
  volume={65},
  number={1-3},
  pages={21--46},
  year={1996},
  publisher={Elsevier}
}



%%%% CDAWG for Finite TM words. #Nodes for the i-th TM words is 2i + 1
%%%% Radoszewski and Rytter~\cite{radoszewski:rytter2012structure:cdawg:thuemorse}
@article{radoszewski:rytter2012structure:cdawg:thuemorse,
  title={On the structure of compacted subword graphs of Thue--Morse words and their applications},
  author={Radoszewski, Jakub and Rytter, Wojciech},
  OPTjournal={JDA},
  journal={Journal of Discrete Algorithms},
  volume={11},
  pages={15--24},
  year={2012},
  publisher={Elsevier}
}

%%% BWT size for the i-th Thue-Morse words is 2i
@inproceedings{brlek2019burrows:thuemorse,
  title={Burrows-Wheeler transform of words defined by morphisms},
  author={Brlek, Srecko and Frosini, Andrea and Mancini, Ilaria and Pergola, Elisa and Rinaldi, Simone},
  booktitle={IWOCA 2019},
  OPTbooktitle={Combinatorial Algorithms: 30th International Workshop, IWOCA 2019, 
                Proceedings},
  pages={393--404},
  year={2019},
  OPTorganization={Springer}
}


%%%% r_bwt = Theta(log n) for some purely morphic words
%%%% Frosini, Mancini, Rinaldi, Romana,  and Sciortino~\cite{frosini2022logarithmic}
@inproceedings{frosini2022logarithmic,
  title={Logarithmic equal-letter runs for BWT of purely morphic words},
  author={Frosini, Andrea and Mancini, Ilaria and Rinaldi, Simone and Romana, Giuseppe and Sciortino, Marinella},
  booktitle={Developments in Language Theory: 26th International Conference, DLT 2022, Proceedings},
  pages={139--151},
  year={2022},
  organization={Springer}
}

%%%%% arrays

%%%%%% BWT

%%% SA
%%%% Manber and Myers~\cite{manber:myers1993suffixarrays}
@article{manber:myers1993suffixarrays,
  author    = {Udi Manber and
               Eugene W. Myers},
  title     = {{Suffix Arrays: {A} New Method for On-Line String Searches}},
  journal   = {{SIAM} Journal on Computing},
  volume    = {22},
  number    = {5},
  pages     = {935--948},
  year      = {1993},
}

%%%%% Burrows and Wheeler~\cite{burrows1994block}
@inproceedings{burrows1994block,
  title={{A Block-sorting Lossless Data Compression Algorithm}},
  author={Burrows, Michael and Wheeler, David},
  OPTbooktitle={Technical Report 124},
  booktitle={TR~124},
  year={1994},
}

%%%%%rich representation%%%%
%%%% Kasai, Lee, Arimura, Arikawa, and Park~\cite{kasai:lee2001lcp:linear}
@inproceedings{kasai:lee2001lcp:linear,
  title={Linear-time longest-common-prefix computation in suffix arrays and its applications},
  author={Kasai, Toru and Lee, Gunho and Arimura, Hiroki and Arikawa, Setsuo and Park, Kunsoo},
  booktitle={Combinatorial Pattern Matching: 12th Annual Symposium, CPM 2001, Proceedings},
  pages={181--192},
  year={2001},
  organization={Springer}
}

%%%%% RMQ
%%%%%% Bender and Farach-Colton~\cite{bender2000lca}
@inproceedings{bender2000lca,
  title={The LCA problem revisited},
  author={Bender, Michael A and Farach-Colton, Martin},
  booktitle={LATIN 2000: Theoretical Informatics: 4th Latin American Symposium, Proceedings},
  pages={88--94},
  year={2000},
  OPTorganization={Springer},
}



%%%%%% Grossi, Gupta, and Vitter~\cite{grossi2003high}
@inproceedings{grossi2003high,
  title={High-order entropy-compressed text indexes},
  author={Grossi, Roberto and Gupta, Ankur and Vitter, Jeffrey Scott},
  booktitle={Proceedings of the fourteenth annual ACM-SIAM symposium on Discrete algorithms},
  pages={841--850},
  year={2003}
}



%%%% K{\"a}rkk{\"a}inen, Sanders, and Burkhardt~\cite{karkkainen2006linear}
@article{karkkainen2006linear,
  title={Linear work suffix array construction},
  author={K{\"a}rkk{\"a}inen, Juha and Sanders, Peter and Burkhardt, Stefan},
  journal={Journal of the ACM},
  volume={53},
  number={6},
  pages={918--936},
  year={2006},
  publisher={ACM New York, NY, USA}
}

%%%%% Okanohara and Sadakane~\cite{okanohara2009linear}
@inproceedings{okanohara2009linear,
  title={A linear-time Burrows-Wheeler transform using induced sorting},
  author={Okanohara, Daisuke and Sadakane, Kunihiko},
  booktitle={String Processing and Information Retrieval: 16th International Symposium, SPIRE 2009,  Proceedings},
  pages={90--101},
  year={2009},
  organization={Springer}
}

%%%% Inenaga~\cite{inenaga2024linear}
@article{inenaga2024linear,
  title={Linear-size Suffix Tries and Linear-size CDAWGs Simplified and Improved},
  author={Inenaga, Shunsuke},
  journal={arXiv preprint arXiv:2401.04509},
  year={2024}
}

%%%%% Bille and Gortz~\cite{bille:gort:TALG:2011:treeinclusion}
@article{bille:gort:TALG:2011:treeinclusion,
  title={The tree inclusion problem: In linear space and faster},
  author={Bille, Philip and Gortz, Inge Li},
  journal={ACM Transactions on Algorithms (TALG)},
  volume={7},
  number={3},
  pages={1--47},
  year={2011},
  publisher={ACM New York, NY, USA},
  OPTappear = {ICALP 2005, 66--77, 2005},
  OPTannote = {prelim:decomp:heavy leaf path decomposition}
}

%%%%%%

%%%% Suffix tree
@inproceedings{weiner1973linear,
  title={Linear pattern matching algorithms},
  author={Weiner, Peter},
  booktitle={14th Annual Symposium on Switching and Automata Theory (swat 1973)},
  pages={1--11},
  year={1973},
  organization={IEEE}
}

%%%% future advancements in DS 
%%%% persistent DS 
@inproceedings{driscoll:sarnak:sleator:tarjan1986makingpersistent,
  title={Making data structures persistent},
  author={Driscoll, James R and Sarnak, Neil and Sleator, Daniel Dominic and Tarjan, Robert Endre},
  booktitle={Proceedings of the eighteenth annual ACM symposium on Theory of computing},
  pages={109--121},
  year={1986}
}

@inproceedings{liptak2024textbooksolution,
  title={A Textbook Solution for Dynamic Strings},
  author={Lipt{\'a}k, Zsuzsanna and Masillo, Francesco and Navarro, Gonzalo},
  booktitle={32nd Annual European Symposium on Algorithms (ESA 2024)},
  year={2024},
  organization={Schloss Dagstuhl--Leibniz-Zentrum f{\"u}r Informatik}
}

@inproceedings{kopelowitz2012online,
  title={On-line indexing for general alphabets via predecessor queries on subsets of an ordered list},
  author={Kopelowitz, Tsvi},
  booktitle={2012 IEEE 53rd Annual Symposium on Foundations of Computer Science},
  pages={283--292},
  year={2012},
  organization={IEEE}
}

%%%%%%%% substring features
%%%%%%%%%%%%%%%%%%%%%%%%%%%%
%%%% MAW

%%%% MAW: first
%%%% Crochemore, Mignosi, and Restivo~\cite{crochemore1998automata}
@article{crochemore1998automata,
  title={Automata and forbidden words},
  author={Crochemore, Maxime and Mignosi, Filippo and Restivo, Antonio},
  journal={Information Processing Letters},
  volume={67},
  number={3},
  pages={111--117},
  year={1998},
  publisher={Elsevier}
}
%%%% MAW: O(n^2) time
%%%% Garcia, Pinho, Rodrigues, Bastos, and Ferreira~\cite{}
@article{garcia2011minimal,
  title={Minimal absent words in prokaryotic and eukaryotic genomes},
  author={Garcia, Sara P and Pinho, Armando J and Rodrigues, Jo{\~a}o MOS and Bastos, Carlos AC and Ferreira, Paulo JSG},
  journal={PLoS One},
  volume={6},
  number={1},
  pages={e16065},
  year={2011},
  publisher={Public Library of Science San Francisco, USA}
}

%%%% Theorem 1: characterization of MAW by MR
%%%% Pinho, Ferreira, Garcia, and Rodrigues~\cite{pinho2009finding}
@article{pinho2009finding,
  title={On finding minimal absent words},
  author={Pinho, Armando J and Ferreira, Paulo JSG and Garcia, Sara P and Rodrigues, Jo{\~a}o MOS},
  journal={BMC bioinformatics},
  volume={10},
  pages={1--11},
  year={2009},
  publisher={Springer}
}

%%%% MAW on SA: Barton, Heliou, AMouchard, and Pissis~\cite{barton2014linear}
%%%% linear time computation on SA
@article{barton2014linear,
  title={Linear-time computation of minimal absent words using suffix array},
  author={Barton, Carl and Heliou, Alice and Mouchard, Laurent and Pissis, Solon P},
  journal={BMC bioinformatics},
  volume={15},
  pages={1--10},
  year={2014},
  publisher={Springer}
}

%%%%%% MAW:Fujishige, Tsujimaru, Inenaga,  Bannai, and Takeda~\cite{fujishige2016computing}
@inproceedings{fujishige2016computing,
  title={Computing DAWGs and minimal absent words in linear time for integer alphabets},
  author={Fujishige, Yuta and Tsujimaru, Yuki and Inenaga, Shunsuke and Bannai, Hideo and Takeda, Masayuki},
  booktitle={41st International Symposium on Mathematical Foundations of Computer Science (MFCS 2016)},
  year={2016},
  organization={Schloss-Dagstuhl-Leibniz Zentrum f{\"u}r Informatik}
}

%%%%% MAW on CDAWG
@article{inenaga2024computing,
  title={Computing Minimal Absent Words and Extended Bispecial Factors with CDAWG Space},
  author={Inenaga, Shunsuke and Mieno, Takuya and Arimura, Hiroki and Funakoshi, Mitsuru and Fujishige, Yuta},
  journal={arXiv preprint arXiv:2402.18090},
  year={2024}
}

%%%%%%%% Inenaga and Kosolobov 
@article{inenaga:kosolobov2024relating:left:right,
  title={Relating Left and Right Extensions of Maximal Repeats},
  author={Inenaga, Shunsuke and Kosolobov, Dmitry},
  journal={arXiv preprint arXiv:2410.15958},
  year={2024}
}

%%%%% MUS
%%%%% Ilie and Smyth~\cite{ilie2011minimum}
@article{ilie2011minimum,
  title={Minimum unique substrings and maximum repeats},
  author={Ilie, Lucian and Smyth, William F},
  journal={Fundamenta Informaticae},
  volume={110},
  number={1-4},
  pages={183--195},
  year={2011},
  publisher={IOS Press}
}

%%%%% EBF
%%%%% Charalampopoulos, Crochemore, and Pissis
@inproceedings{charalampopoulos2018extended,
  title={On extended special factors of a word},
  author={Charalampopoulos, Panagiotis and Crochemore, Maxime and Pissis, Solon P},
  booktitle={International Symposium on String Processing and Information Retrieval},
  pages={131--138},
  year={2018},
  organization={Springer}
}

%%%% LB and UB of rho(n) = max_T |EBF(T)|: $2n - 6\le \rho(n) \le 3n - 4$
%%%% Almirantis, Charalampopoulos, Gao, Iliopoulos, Mohamed, Pissis, and Polychronopoulos~\cite{almirantis2017optimal:ebf:ub:lb}
@article{almirantis2017optimal:ebf:ub:lb,
  title={Optimal computation of overabundant words},
  author={Almirantis, Yannis and Charalampopoulos, Panagiotis and Gao, Jia and Iliopoulos, Costas S and Mohamed, Manal and Pissis, Solon P and Polychronopoulos, Dimitris},
  journal={arXiv preprint arXiv:1705.03385},
  year={2017}
}

%%%%% MRW: minimal rare word
%%%%% MF (=~ MRW) Chen, Tsao, Deng, Wing-Kai, and Sadakane~\cite{chen2024taulambda}1
@inproceedings{chen2024taulambda,
  title={$\tau$$\lambda$-Index: Locating Rare Patterns in Similar Strings},
  author={Chen, Long-Qi and Tsao, Che-Wei and Deng, Jin-Jie and Hon, Wing-Kai and Sadakane, Kunihiko},
  booktitle={2024 Data Compression Conference (DCC)},
  pages={233--242},
  year={2024},
  organization={IEEE}
}

%%%%% Inenaga, Mieno, Arimura, Funakoshi, and Fujishige~\cite{inenaga:iwoca2024computing:maw}
@inproceedings{inenaga:iwoca2024computing:maw,
  title={Computing Minimal Absent Words and Extended Bispecial Factors with CDAWG Space},
  author={Inenaga, Shunsuke and Mieno, Takuya and Arimura, Hiroki and Funakoshi, Mitsuru and Fujishige, Yuta},
  booktitle={Combinatorial Algorithms: 35th International Workshop, IWOCA 2024, Ischia, Italy, 1-3 July 2024, Proceedings},
  OPTpages={},
  year={2024},
  organization={Springer},
  note={To appear},
}

%%%%
@article{kempa:kociumaka2022resolution,
  title={Resolution of the burrows-wheeler transform conjecture},
  author={Kempa, Dominik and Kociumaka, Tomasz},
  journal={Communications of the ACM},
  volume={65},
  number={6},
  pages={91--98},
  year={2022},
  publisher={ACM New York, NY, USA}
}


%%%%%% Cleary and Dood~\cite{cleary2023constructing}
@inproceedings{cleary2023constructing,
  title={Constructing the CDAWG CFG using LCP-intervals},
  author={Cleary, Alan and Dood, Jordan},
  booktitle={2023 Data Compression Conference (DCC)},
  pages={178--187},
  year={2023},
  organization={IEEE}
}


%%%%%%%%%%%
@article{willard1983loglog,
  title={Log-logarithmic worst-case range queries are possible in space $\Theta$ (N)},
  author={Willard, Dan E},
  journal={Information Processing Letters},
  volume={17},
  number={2},
  pages={81--84},
  year={1983},
  publisher={Elsevier}
}

%%%%%%%% 

%%%%%%%% EOF
