%%% Text -> RLBWT
@article{ohno2017faster,
  author    = {Tatsuya Ohno and
               Kensuke Sakai and
               Yoshimasa Takabatake and
               Tomohiro I and
               Hiroshi Sakamoto},
  title     = {{A faster implementation of online {RLBWT} and its application to {LZ77} parsing}},
  journal   = {Journal of Discrete Algorithms},
  volume    = {52-53},
  pages     = {18--28},
  year      = {2018},
}

@article{policriti2018lz77,
  title={{LZ77 Computation Based on the Run-Length Encoded BWT}},
  author={Policriti, Alberto and Prezza, Nicola},
  journal={Algorithmica},
  volume={80},
  number={7},
  pages={1986--2011},
  year={2018},
}

%%% LZ77 to SLP

@article{Rytter03:LZ77toSLP,
  author    = {Wojciech Rytter},
  title     = {{Application of Lempel-Ziv factorization to the approximation of grammar-based compression}},
  journal   = {Theoretical Computer Science},
  volume    = {302},
  number    = {1-3},
  pages     = {211--222},
  year      = {2003},
}

%%% SLP to LZ78

@inproceedings{Bannai:SLPtoLZ78:cpm13,
  author    = {Hideo Bannai and
               Pawel Gawrychowski and
               Shunsuke Inenaga and
               Masayuki Takeda},
  title     = {{Converting {SLP} to {LZ78} in almost Linear Time}},
  booktitle = {Proceedings of the 24th Annual Symposium on Combinatorial Pattern Matching (CPM'13)},
  pages     = {38--49},
  year      = {2013},
}

%%% RLBWT to LZ77 and LZ77 to RLBWT

@inproceedings{PolicritiPrezza:RLBWTtoLZ77andback:cpm17,
  author    = {Alberto Policriti and
               Nicola Prezza},
  title     = {{From {LZ77} to the Run-Length Encoded Burrows-Wheeler Transform, and Back}},
  booktitle = {Proceedings of the 28th Annual Symposium on Combinatorial Pattern Matching {(CPM'17)}},
  pages     = {17:1--17:10},
  year      = {2017},
}

%%% RLBWT to LZ77
@InProceedings{nishimoto_et_al:LIPIcs:2019,
  author =	{Takaaki Nishimoto and Yasuo Tabei},
  title =	{{Conversion from RLBWT to LZ77}},
  booktitle =	{Proceedings of the 30th Annual Symposium on Combinatorial Pattern Matching (CPM'19)},
  pages =	{9:1--9:12},
  year =	{2019},
}



%%% LZ77 to RLBWT
@inproceedings{KempaKociumaka:LZ77toRLBWT:focs20,
  author    = {Dominik Kempa and
               Tomasz Kociumaka},
  title     = {{Resolution of the Burrows-Wheeler Transform Conjecture}},
  booktitle = {Proceedings of the 61st {IEEE} Annual Symposium on Foundations of Computer Science (FOCS'20)},
  pages     = {1002--1013},
  year      = {2020},
}

